@misc{bachmann2022classification,
      title={A classification of $G$-charge Thouless pumps in 1D invertible states}, 
      author={Sven Bachmann and Wojciech De Roeck and Martin Fraas and Tijl Jappens},
      year={2022},
      eprint={2204.03763},
      archivePrefix={arXiv},
      primaryClass={math-ph},
      howPublished={arXiv:2204.03763}
}
@misc{jappens2023spt,
      title={SPT indices emerging from translation invariance in two dimensional quantum spin systems}, 
      author={Tijl Jappens},
      year={2023},
      eprint={2202.11758},
      archivePrefix={arXiv},
      primaryClass={math-ph},
      howPublished={arXiv:2202.11758}
}